\begin{thebibliography}{99}

	@article{Cupitt96,
		author    = "J. Cupitt, K. Martinez",
		title     = "VIPS: an image processing system for large images",
		journal   = "Proc. SPIE",
		volume   = "2663",
		year      = "1996",
		pages = "19 - 28",
		note     = "\url{http://eprints.soton.ac.uk/252227/1/vipsspie96a.pdf}"
	}

	@article{Goode13,
	    author    = "A. Goode et al.",
    	title     = "OpenSlide: A vendor-neutral software foundation for digital pathology",
    	journal   = "J pathol inform",
    	volume   = "4",
    	number   = "1",
    	year      = "2013",
    	month    = "September",
	    note     = "\url{http://download.openslide.org/docs/JPatholInform_2013_4_1_27_119005.pdf}"
	}
	
	@article{Egmont-Petersen02,
	    author    = "M. Egmonst-Petersen et al.",
    	title     = "Image processing with neural networks - a review",
    	journal   = "Pattern Regcognition",
    	number   = "35",
    	year      = "2002",
    	month    = "October",
	    note     = "\url{https://www.researchgate.net/publication/220603536_Image_processing_with_neural_networks_-_a_review_Pattern_Recogn_352279C2301}"
	}
	
	@article{Farahanil15,
	    author    = "N. Farahanil et al.",
    	title     = "Whole slide imaging in pathology: advantages, limitations, and emerging perspectives",
    	journal   = "Pathology and Laboratory Medicine International",
    	volume   = "7",
    	year      = "2015",
    	month    = "June",
	    note     = "\url{https://www.dovepress.com/whole-slide-imaging-in-pathology-advantages-limitations-and-emerging-p-peer-reviewed-fulltext-article-PLMI#ref10}"
	}

	@book{Karpathy15,
    	author    = "A. Karpathy, L. Fei-Fei",
    	title     = "Deep Visual-Semantic Alignments for Generating Image Descriptions",
    	publisher = "Department of Computer Science, Standford University",
    	year      = "2015",
    	note     = "\url{http://cs.stanford.edu/people/karpathy/cvpr2015.pdf}",
	}

	@book{Wolff16,
    	author    = "E. Wolff",
    	title     = "Microservices Primer",
    	publisher = "innoQ",
    	year      = "2016",
    	month     = "January",
    	note     = "\url{https://leanpub.com/microservices-primer/read}",
	}
	
	@inproceedings{Cupitt05,
		author		= "J. Cupitt, K. Martinez",
		title		= "VIPS - a highly tuned image processing software architecture",
		booktitle	= "IEEE International Conference on Image Processing",
		pages		= "574 - 577",
		year		= "2005",
		month		= "September",
		note		= "\url{http://eprints.soton.ac.uk/262371/}",
	}
	
	@phdthesis{Fielding00,
		author		= "R. Fielding",
		title		= "Architectural Styles and
the Design of Network-based Software Architectures

",
		school		= "University of Carolina",
		year		= "2000",
		note		= "\url{http://www.ics.uci.edu/~fielding/pubs/dissertation/top.htm}",
	}
	
	@manual{Kriesel07,
		title		= "A Brief Introduction to Neural Networks",
		author		= "D. Kriesel",
		year		= "2007",
		note		= "\url{http://www.dkriesel.com/en/science/neural_networks}"
	}
	
	@misc{web:dzi,
		author = "Microsoft",
		title = "Deep Zoom File Format Overview",
		howpublished = "\url{https://msdn.microsoft.com/en-us/library/cc645077(v=vs.95).aspx}",
		note = "Accessed: 11.04.2016"
	}
	
	@misc{Cornish13,
    	author    = "T. Cornish",
    	title     = "An introduction to digital whole slide imaging and whole slide image analysis",
    	howpublished = "\url{http://www.hopkinsmedicine.org/mcp/PHENOCORE/CoursePDFs/2013/13%2019%20Cornish%20Digital%20Path.pdf}",
    	year     = "2013",
    	month    = "July",
    	note     = "Accessed: 12.04.2016"
	}
	
	@misc{web:microdraw,
		author = "Roberto Toro",
		title = "Microdraw",
		howpublished = "\url{https://github.com/r03ert0/microdraw/wiki}",
		note = "Accessed: 18.04.2016"
	}
	
	@misc{web:openseadragon,
		author = "I. Gilman",
		title = "OpenSeadragon",
		howpublished = "\url{http://openseadragon.github.io/examples/creating-zooming-images/}",
		note = "Accessed: 26.04.2016"
	}
	
	@misc{web:tms,
		author = "Open Source Geospatial Foundation",
		title = "Tile Map Service Specification",
		howpublished = "\url{http://wiki.osgeo.org/wiki/Tile_Map_Service_Specification}",
		note = "Accessed: 26.04.2016"
	}
	
	@misc{web:iiif,
		author = "M. Appleby et al.",
		title = "IIIF Image API 2.0",
		howpublished = "\url{http://iiif.io/api/image/2.0/#status-of-this-document}",
		note = "Accessed: 26.04.2016"
	}
	
	@misc{web:vips,
		author = "J. Cupitt",
		title = "VIPS",
		howpublished = "\url{http://www.vips.ecs.soton.ac.uk/index.php?title=VIPS}",
		note = "Accessed: 25.05.2016"
	}
	
\end{thebibliograpgy}